@article{mawd:etal:17,
author = {Mawdsley, David and Higgins, Julian P. T. and Sutton, Alex J. and Abrams, Keith R.},
title = {Accounting for heterogeneity in meta-analysis using a multiplicative model---an empirical study},
journal = {Research Synthesis Methods},
volume = {8},
number = {1},
pages = {43--52},
doi = {doi.org/10.1002/jrsm.1216},
year = {2017}
}


@article{morr:etal:19,
author = {Morris, Tim P. and White, Ian R. and Crowther, Michael J.},
title = {Using simulation studies to evaluate statistical methods},
journal = {Statistics in Medicine},
volume = {38},
number = {11},
pages = {2074--2102},
doi = {doi.org/10.1002/sim.8086},
year = {2019}
}

@article{Gnei:Raft:07,
author = {Tilmann Gneiting and Adrian E Raftery},
title = {Strictly Proper Scoring Rules, Prediction, and Estimation},
journal = {Journal of the American Statistical Association},
volume = {102},
number = {477},
pages = {359-378},
year  = {2007},
publisher = {Taylor \& Francis},
doi = {10.1198/016214506000001437},
}

@article{ruck:etal:08,
  author={R{\"u}cker, Gerta and Schwarzer, Guido and Carpenter, James R. and Schumacher, Martin},
  title={Undue reliance on I2 in assessing heterogeneity may mislead},
  journal={BMC Medical Research Methodology},
  year={2008},
  volume={8},
  number={1},
  pages={79},
  issn={1471-2288},
  doi={10.1186/1471-2288-8-79},
  url={https://doi.org/10.1186/1471-2288-8-79}
}

@article{burt:etal:06,
  title={The design of simulation studies in medical statistics},
  author={Burton, Andrea and Altman, Douglas G and Royston, Patrick and Holder, Roger L},
  journal={Statistics in Medicine},
  volume={25},
  number={24},
  pages={4279--4292},
  year={2006},
  publisher={Wiley Online Library}
}


@book{Altman,
 author = {Altman, Douglas G and Machin, David and Bryant, Trevor N and Gardner, Martin J},
 title = {{Statistics with Confidence}},
 publisher = {BMJ Books},
 year = {2000},
 edition = {Second}
}

@article{GneitingRaftery,
  year = {2007},
  volume = {102},
  number = {477},
  pages = {359--378},
  author = {Tilmann Gneiting and Adrian E Raftery},
  title = {{Strictly Proper Scoring Rules, Prediction, and Estimation}},
  journal = {Journal of the American Statistical Association}
}

@article{GneitingBracher,
  year = {2021},
  volume = {17},
  number = {2},
  author = {Johannes Bracher and Evan L Ray and Tilmann Gneiting and Nicholas G Reich},
  title = {{Evaluating epidemic forecasts in an interval format}},
  journal = {PLoS Computational Biology}
}

@book{HeldSabanesBove,
 author = {Leonhard Held and Saban\'{e}s Bov\'{e}, Daniel},
 title = {{Likelihood and Bayesian Inference - With Applications in Biology and Medicine}},
 publisher = {Springer},
 year = {2020},
 edition = {Second}
 }

@article{Held2020a,
  year = {2020},
  volume = {183},
  number = {2},
  pages = {431--448},
  author = {Leonhard Held},
  title = {{A new standard for the analysis and design of replication studies}},
  journal = {Journal of the Royal Statistical Society Series A}
}

@article{Held2020b,
  year = {2020},
  volume = {69},
  number = {3},
  pages = {697--708},
  author = {Leonhard Held},
  title = {{The harmonic mean $\chi^2$-test to substantiate scientific findings}},
  journal = {Journal of the Royal Statistical Society Series C}
}

@article{IntHoutIoannidis,
  year = {2014},
  volume = {14},
  number = {25},
  author = {Joanna IntHout and John PA Ioannidis and George F Borm},
  title = {{The Hartung-Knapp-Sidik-Jonkman method for random effects meta-analysis is straightforward and considerably outperforms the standard DerSimonian-Laird method}},
  journal = {BMC Medical Research Methodology}
}

@article{Newcombe1998,
  year = {1998},
  volume = {17},
  number = {8},
  pages = {857--872},
  author = {Newcombe, Robert G},
  title = {{Two-sided confidence intervals for the single proportion: comparison of seven methods}},
  journal = {Statistics in Medicine}
}

@article{Newcombe2011,
  year = {2011},
  volume = {40},
  number = {10},
  pages = {1743--1767},
  author = {Newcombe, Robert G},
  title = {{Measures of Location for Confidence Intervals for Proportions}},
  journal = {Communications in Statistics -- Theory and Methods}
}

@book{Newcombe2013,
 author = {Newcombe, Robert G},
 title = {{Confidence Intervals for Proportions and Related Measures of Effect Size}},
 publisher = {Chapman \& Hall/CRC Biostatistics Series},
 year = {2013},
 edition = {First}
 }

@Manual{R,
    title = {R: A Language and Environment for Statistical Computing},
    author = {{R Core Team}},
    organization = {R Foundation for Statistical Computing},
    address = {Vienna, Austria},
    year = {2021},
    url = {https://www.R-project.org/}
 }

@article{ders:lair:86,
title = {Meta-analysis in clinical trials},
journal = {Controlled Clinical Trials},
volume = {7},
number = {3},
pages = {177-188},
year = {1986},
issn = {0197-2456},
doi = {10.1016/0197-2456(86)90046-2},
author = {Rebecca DerSimonian and Nan Laird},
}

@article{henm:copa:10,
author = {Henmi, Masayuki and Copas, John B.},
title = {Confidence intervals for random effects meta-analysis and robustness to publication bias},
journal = {Statistics in Medicine},
volume = {29},
number = {29},
pages = {2969-2983},
doi = {10.1002/sim.4029},
url = {https://onlinelibrary.wiley.com/doi/abs/10.1002/sim.4029},
year = {2010}
}

@book{fisher:34,
  author = {Fisher, R. A.},
  year = {1934},
  title = {{S}tatistical {M}ethods for {R}esearch {W}orkers},
  publisher = {{O}liver \& {B}oyd},
  address = {Edinburgh},
  edition = {4}
}


@article{edgington:72,
	title = {An {Additive} {Method} for {Combining} {Probability} {Values} from {Independent} {Experiments}},
	volume = {80},
	issn = {0022-3980},
	url = {https://doi.org/10.1080/00223980.1972.9924813},
	doi = {10.1080/00223980.1972.9924813},
	number = {2},
	urldate = {2023-11-01},
	journal = {The Journal of Psychology},
	author = {Edgington, Eugene S.},
	month = mar,
	year = {1972},
	note = {Publisher: Routledge \_eprint: https://doi.org/10.1080/00223980.1972.9924813},
	pages = {351--363},
}
